@article{zhang2017dynamics,
  title={Dynamics of a stochastic SIS model with double epidemic diseases driven by L{\'e}vy jumps},
  author={Zhang, Xinhong and Jiang, Daqing and Hayat, Tasawar and Ahmad, Bashir},
  journal={Physica A: Statistical Mechanics and its Applications},
  volume={471},
  pages={767--777},
  year={2017},
  publisher={Elsevier}
}

@article{ray2018prediction,
  title={Prediction of infectious disease epidemics via weighted density ensembles},
  author={Ray, Evan L and Reich, Nicholas G},
  journal={PLoS computational biology},
  volume={14},
  number={2},
  pages={e1005910},
  year={2018},
  publisher={Public Library of Science}
}

@article{shmidt2012using,
  title={Using social media to predict and track deseases outbreaks},
  author={Shmidt, Charles W},
  journal={Environ Health Perspect},
  volume={120},
  number={1},
  pages={30--33},
  year={2012}
}

@article{imran2015processing,
  title={Processing social media messages in mass emergency: A survey},
  author={Imran, Muhammad and Castillo, Carlos and Diaz, Fernando and Vieweg, Sarah},
  journal={ACM Computing Surveys (CSUR)},
  volume={47},
  number={4},
  pages={1--38},
  year={2015},
  publisher={ACM New York, NY, USA}
}

@article{charles2015using,
  title={Using social media for actionable disease surveillance and outbreak management: a systematic literature review},
  author={Charles-Smith, Lauren E and Reynolds, Tera L and Cameron, Mark A and Conway, Mike and Lau, Eric HY and Olsen, Jennifer M and Pavlin, Julie A and Shigematsu, Mika and Streichert, Laura C and Suda, Katie J and others},
  journal={PloS one},
  volume={10},
  number={10},
  pages={e0139701},
  year={2015},
  publisher={Public Library of Science}
}

@article{fernandez2015health,
  title={Health and social media: perfect storm of information},
  author={Fern{\'a}ndez-Luque, Luis and Bau, Teresa},
  journal={Healthcare informatics research},
  volume={21},
  number={2},
  pages={67},
  year={2015},
  publisher={Korean Society of Medical Informatics}
}

@article{kagashe2017enhancing,
  title={Enhancing seasonal influenza surveillance: topic analysis of widely used medicinal drugs using Twitter data},
  author={Kagashe, Ireneus and Yan, Zhijun and Suheryani, Imran},
  journal={Journal of medical Internet research},
  volume={19},
  number={9},
  pages={e315},
  year={2017},
  publisher={JMIR Publications Inc., Toronto, Canada}
}

@article{masri2019use,
  title={Use of Twitter data to improve Zika virus surveillance in the United States during the 2016 epidemic},
  author={Masri, Shahir and Jia, Jianfeng and Li, Chen and Zhou, Guofa and Lee, Ming-Chieh and Yan, Guiyun and Wu, Jun},
  journal={BMC public health},
  volume={19},
  number={1},
  pages={1--14},
  year={2019},
  publisher={BioMed Central}
}

@article{qazi2020geocov19,
  title={Geocov19: a dataset of hundreds of millions of multilingual covid-19 tweets with location information},
  author={Qazi, Umair and Imran, Muhammad and Ofli, Ferda},
  journal={SIGSPATIAL Special},
  volume={12},
  number={1},
  pages={6--15},
  year={2020},
  publisher={ACM New York, NY, USA}
}

@article{jelodar2019natural,
  title={Natural Language Processing via LDA Topic Model in Recommendation Systems},
  author={Jelodar, Hamed and Wang, Yongli and Rabbani, Mahdi and Ayobi, Seyedvalyallah},
  journal={arXiv preprint arXiv:1909.09551},
  year={2019}
}

@article{cheng2014btm,
  title={Btm: Topic modeling over short texts},
  author={Cheng, Xueqi and Yan, Xiaohui and Lan, Yanyan and Guo, Jiafeng},
  journal={IEEE Transactions on Knowledge and Data Engineering},
  volume={26},
  number={12},
  pages={2928--2941},
  year={2014},
  publisher={IEEE}
}

@article{blei2007correlated,
  title={A correlated topic model of science},
  author={Blei, David M and Lafferty, John D and others},
  journal={The annals of applied statistics},
  volume={1},
  number={1},
  pages={17--35},
  year={2007},
  publisher={Institute of Mathematical Statistics}
}

@article{chemudugunta2006modeling,
  title={Modeling general and specific aspects of documents with a probabilistic topic model},
  author={Chemudugunta, Chaitanya and Smyth, Padhraic and Steyvers, Mark},
  journal={Advances in neural information processing systems},
  volume={19},
  pages={241--248},
  year={2006}
}

@article{martinvcic2017link,
  title={Link prediction on Twitter},
  author={Martin{\v{c}}i{\'c}-Ip{\v{s}}i{\'c}, Sanda and Mo{\v{c}}ibob, Edvin and Perc, Matja{\v{z}}},
  journal={PloS one},
  volume={12},
  number={7},
  pages={e0181079},
  year={2017},
  publisher={Public Library of Science San Francisco, CA USA}
 }
 
 @inproceedings{corvey2010twitter,
  title={Twitter in mass emergency: What nlp can contribute},
  author={Corvey, William J and Vieweg, Sarah and Rood, Travis and Palmer, Martha},
  booktitle={Proceedings of the NAACL HLT 2010 workshop on computational linguistics in a world of social media},
  pages={23--24},
  year={2010}
}

@article{jahanbin2020using,
  title={Using Twitter and web news mining to predict COVID-19 outbreak},
  author={Jahanbin, Kia and Rahmanian, Vahid and others},
  journal={Asian Pacific Journal of Tropical Medicine},
  volume={13},
  number={8},
  pages={378},
  year={2020},
  publisher={Medknow Publications}
}

@article{lopez2020understanding,
  title={Understanding the perception of COVID-19 policies by mining a multilanguage Twitter dataset},
  author={Lopez, Christian E and Vasu, Malolan and Gallemore, Caleb},
  journal={arXiv preprint arXiv:2003.10359},
  year={2020}
}

@article{fang2020tracking,
  title={Tracking the Twitter attention around the research efforts on the COVID-19 pandemic},
  author={Fang, Zhichao and Costas, Rodrigo},
  journal={arXiv preprint arXiv:2006.05783},
  year={2020}
}

@misc{ enwiki:1014350876,
    author = "{Wikipedia contributors}",
    title = "Topic model --- {Wikipedia}{,} The Free Encyclopedia",
    year = "2021",
    url = "https://en.wikipedia.org/w/index.php?title=Topic_model&oldid=1014350876",
    note = "[Online; accessed 10-April-2021]"
}

@article{blei2003latent,
  title={Latent dirichlet allocation},
  author={Blei, David M and Ng, Andrew Y and Jordan, Michael I},
  journal={the Journal of machine Learning research},
  volume={3},
  pages={993--1022},
  year={2003},
  publisher={JMLR. org}
}

@inproceedings{wallach2009rethinking,
  title={Rethinking LDA: Why priors matter},
  author={Wallach, Hanna M and Mimno, David M and McCallum, Andrew},
  booktitle={Advances in neural information processing systems},
  pages={1973--1981},
  year={2009}
}

@article{clark2016sifting,
  title={Sifting robotic from organic text: a natural language approach for detecting automation on Twitter},
  author={Clark, Eric M and Williams, Jake Ryland and Jones, Chris A and Galbraith, Richard A and Danforth, Christopher M and Dodds, Peter Sheridan},
  journal={Journal of computational science},
  volume={16},
  pages={1--7},
  year={2016},
  publisher={Elsevier}
}

@article{tommasel2018short,
  title={Short-text feature construction and selection in social media data: a survey},
  author={Tommasel, Antonela and Godoy, Daniela},
  journal={Artificial Intelligence Review},
  volume={49},
  number={3},
  pages={301--338},
  year={2018},
  publisher={Springer}
}

@inproceedings{tang2014understanding,
  title={Understanding the limiting factors of topic modeling via posterior contraction analysis},
  author={Tang, Jian and Meng, Zhaoshi and Nguyen, Xuanlong and Mei, Qiaozhu and Zhang, Ming},
  booktitle={International Conference on Machine Learning},
  pages={190--198},
  year={2014},
  organization={PMLR}
}

@inproceedings{hong2010empirical,
  title={Empirical study of topic modeling in twitter},
  author={Hong, Liangjie and Davison, Brian D},
  booktitle={Proceedings of the first workshop on social media analytics},
  pages={80--88},
  year={2010}
}

@inproceedings{gruber2007hidden,
  title={Hidden topic markov models},
  author={Gruber, Amit and Weiss, Yair and Rosen-Zvi, Michal},
  booktitle={Artificial intelligence and statistics},
  pages={163--170},
  year={2007},
  organization={PMLR}
}

@article{li2016micro,
  title={Micro-blog topic detection method based on BTM topic model and K-means clustering algorithm},
  author={Li, Weijiang and Feng, Yanming and Li, Dongjun and Yu, Zhengtao},
  journal={Automatic Control and Computer Sciences},
  volume={50},
  number={4},
  pages={271--277},
  year={2016},
  publisher={Springer}
}

@article{li2019relational,
  title={Relational biterm topic model: Short-text topic modeling using word embeddings},
  author={Li, Ximing and Zhang, Ang and Li, Changchun and Guo, Lantian and Wang, Wenting and Ouyang, Jihong},
  journal={The Computer Journal},
  volume={62},
  number={3},
  pages={359--372},
  year={2019},
  publisher={Oxford University Press}
}

@article{he2017fastbtm,
  title={FastBTM: Reducing the sampling time for biterm topic model},
  author={He, Xingwei and Xu, Hua and Li, Jia and He, Liu and Yu, Linlin},
  journal={Knowledge-Based Systems},
  volume={132},
  pages={11--20},
  year={2017},
  publisher={Elsevier}
}

@article{zheng2020predicting,
  title={Predicting COVID-19 in China using hybrid AI model},
  author={Zheng, Nanning and Du, Shaoyi and Wang, Jianji and Zhang, He and Cui, Wenting and Kang, Zijian and Yang, Tao and Lou, Bin and Chi, Yuting and Long, Hong and others},
  journal={IEEE transactions on cybernetics},
  volume={50},
  number={7},
  pages={2891--2904},
  year={2020},
  publisher={IEEE}
}

@inproceedings{lee2013real,
  title={Real-time disease surveillance using twitter data: demonstration on flu and cancer},
  author={Lee, Kathy and Agrawal, Ankit and Choudhary, Alok},
  booktitle={Proceedings of the 19th ACM SIGKDD international conference on Knowledge discovery and data mining},
  pages={1474--1477},
  year={2013}
}

@article{ramirez2017survey,
  title={A survey on data preprocessing for data stream mining: Current status and future directions},
  author={Ram{\'\i}rez-Gallego, Sergio and Krawczyk, Bartosz and Garc{\'\i}a, Salvador and Wo{\'z}niak, Micha{\l} and Herrera, Francisco},
  journal={Neurocomputing},
  volume={239},
  pages={39--57},
  year={2017},
  publisher={Elsevier}
}

@article{uysal2014impact,
  title={The impact of preprocessing on text classification},
  author={Uysal, Alper Kursat and Gunal, Serkan},
  journal={Information Processing \& Management},
  volume={50},
  number={1},
  pages={104--112},
  year={2014},
  publisher={Elsevier}
}

@article{jianqiang2017comparison,
  title={Comparison research on text pre-processing methods on twitter sentiment analysis},
  author={Jianqiang, Zhao and Xiaolin, Gui},
  journal={IEEE Access},
  volume={5},
  pages={2870--2879},
  year={2017},
  publisher={IEEE}
}

@inproceedings{li2020global,
  title={Global Surveillance of COVID-19 by mining news media using a multi-source dynamic embedded topic model},
  author={Li, Yue and Nair, Pratheeksha and Wen, Zhi and Chafi, Imane and Okhmatovskaia, Anya and Powell, Guido and Shen, Yannan and Buckeridge, David},
  booktitle={Proceedings of the 11th ACM International Conference on Bioinformatics, Computational Biology and Health Informatics},
  pages={1--14},
  year={2020}
}

@article{song2021classification,
  title={Classification aware neural topic model for COVID-19 disinformation categorisation},
  author={Song, Xingyi and Petrak, Johann and Jiang, Ye and Singh, Iknoor and Maynard, Diana and Bontcheva, Kalina},
  journal={PloS one},
  volume={16},
  number={2},
  pages={e0247086},
  year={2021},
  publisher={Public Library of Science San Francisco, CA USA}
}

@inproceedings{abidin2019model,
  title={A model of preprocessing for social media data extraction},
  author={Abidin, Dodo Zaenal and Nurmaini, Siti and Malik, Reza Firsandaya and Rasywir, Errissya and Pratama, Yovi and others},
  booktitle={2019 International Conference on Informatics, Multimedia, Cyber and Information System (ICIMCIS)},
  pages={67--72},
  year={2019},
  organization={IEEE}
}

@incollection{grefenstette1999tokenization,
  title={Tokenization},
  author={Grefenstette, Gregory},
  booktitle={Syntactic Wordclass Tagging},
  pages={117--133},
  year={1999},
  publisher={Springer}
}

@book{grinstein2002information,
  title={Information visualization in data mining and knowledge discovery},
  author={Grinstein, Usama M Fayyad Georges G and Wierse, Andreas},
  year={2002},
  publisher={Morgan Kaufmann}
}

@inproceedings{cui2010context,
  title={Context preserving dynamic word cloud visualization},
  author={Cui, Weiwei and Wu, Yingcai and Liu, Shixia and Wei, Furu and Zhou, Michelle X and Qu, Huamin},
  booktitle={2010 IEEE Pacific Visualization Symposium (PacificVis)},
  pages={121--128},
  year={2010},
  organization={IEEE}
}

@article{allahyari2017brief,
  title={A brief survey of text mining: Classification, clustering and extraction techniques},
  author={Allahyari, Mehdi and Pouriyeh, Seyedamin and Assefi, Mehdi and Safaei, Saied and Trippe, Elizabeth D and Gutierrez, Juan B and Kochut, Krys},
  journal={arXiv preprint arXiv:1707.02919},
  year={2017}
}

@inproceedings{baker1998distributional,
  title={Distributional clustering of words for text classification},
  author={Baker, L Douglas and McCallum, Andrew Kachites},
  booktitle={Proceedings of the 21st annual international ACM SIGIR conference on Research and development in information retrieval},
  pages={96--103},
  year={1998}
}

@inproceedings{bekkerman2001feature,
  title={On feature distributional clustering for text categorization},
  author={Bekkerman, Ron and El-Yaniv, Ran and Tishby, Naftali and Winter, Yoad},
  booktitle={Proceedings of the 24th annual international ACM SIGIR conference on Research and development in information retrieval},
  pages={146--153},
  year={2001}
}

@inproceedings{macqueen1967some,
  title={Some methods for classification and analysis of multivariate observations},
  author={MacQueen, James and others},
  booktitle={Proceedings of the fifth Berkeley symposium on mathematical statistics and probability},
  volume={1},
  pages={281--297},
  year={1967},
  organization={Oakland, CA, USA}
}

@misc{ enwiki:1006343323,
    author = "{Wikipedia contributors}",
    title = "Word2vec --- {Wikipedia}{,} The Free Encyclopedia",
    year = "2021",
    url = "https://en.wikipedia.org/w/index.php?title=Word2vec&oldid=1006343323",
    note = "[Online; accessed 13-April-2021]"
}

@article{mikolov2013efficient,
  title={Efficient estimation of word representations in vector space},
  author={Mikolov, Tomas and Chen, Kai and Corrado, Greg and Dean, Jeffrey},
  journal={arXiv preprint arXiv:1301.3781},
  year={2013}
}

@article{mikolov2013distributed,
  title={Distributed representations of words and phrases and their compositionality},
  author={Mikolov, Tomas and Sutskever, Ilya and Chen, Kai and Corrado, Greg and Dean, Jeffrey},
  journal={arXiv preprint arXiv:1310.4546},
  year={2013}
}

@article{church2017word2vec,
  title={Word2Vec},
  author={Church, Kenneth Ward},
  journal={Natural Language Engineering},
  volume={23},
  number={1},
  pages={155--162},
  year={2017},
  publisher={Cambridge University Press}
}

@inproceedings{le2014distributed,
  title={Distributed representations of sentences and documents},
  author={Le, Quoc and Mikolov, Tomas},
  booktitle={International conference on machine learning},
  pages={1188--1196},
  year={2014},
  organization={PMLR}
}

@article{jain2010data,
  title={Data clustering: 50 years beyond K-means},
  author={Jain, Anil K},
  journal={Pattern recognition letters},
  volume={31},
  number={8},
  pages={651--666},
  year={2010},
  publisher={Elsevier}
}

@article{jelodar2019latent,
  title={Latent Dirichlet allocation (LDA) and topic modeling: models, applications, a survey},
  author={Jelodar, Hamed and Wang, Yongli and Yuan, Chi and Feng, Xia and Jiang, Xiahui and Li, Yanchao and Zhao, Liang},
  journal={Multimedia Tools and Applications},
  volume={78},
  number={11},
  pages={15169--15211},
  year={2019},
  publisher={Springer}
}

@article{hofmann2013probabilistic,
  title={Probabilistic latent semantic analysis},
  author={Hofmann, Thomas},
  journal={arXiv preprint arXiv:1301.6705},
  year={2013}
}

@misc{rate-limits,
  howpublished ={\url{https://developer.twitter.com/en/docs/twitter-api/v1/rate-limits}},
  note = {Accessed April 15,2021},
  title = {Rate limits: Standard v1.1},
}

@article{chen2020tracking,
  title={Tracking social media discourse about the covid-19 pandemic: Development of a public coronavirus twitter data set},
  author={Chen, Emily and Lerman, Kristina and Ferrara, Emilio},
  journal={JMIR Public Health and Surveillance},
  volume={6},
  number={2},
  pages={e19273},
  year={2020},
  publisher={JMIR Publications Inc., Toronto, Canada}
}

@article{vijayarani2015preprocessing,
  title={Preprocessing techniques for text mining-an overview},
  author={Vijayarani, S and Ilamathi, Ms J and Nithya, Ms and others},
  journal={International Journal of Computer Science \& Communication Networks},
  volume={5},
  number={1},
  pages={7--16},
  year={2015}
}

  @misc{ enwiki:1013644991,
    author = "{Wikipedia contributors}",
    title = "Conjugate prior --- {Wikipedia}{,} The Free Encyclopedia",
    year = "2021",
    url = "https://en.wikipedia.org/w/index.php?title=Conjugate_prior&oldid=1013644991",
    note = "[Online; accessed 15-April-2021]"
  }
  
@article{lin2016dirichlet,
  title={On the dirichlet distribution},
  author={Lin, Jiayu},
  journal={Department of Mathematics and Statistics, Queens University},
  year={2016}
}

@article{hrycej1990gibbs,
  title={Gibbs sampling in Bayesian networks},
  author={Hrycej, Tomas},
  journal={Artificial Intelligence},
  volume={46},
  number={3},
  pages={351--363},
  year={1990},
  publisher={Elsevier}
}

@misc{ enwiki:992631521,
    author = "{Wikipedia contributors}",
    title = "Gibbs sampling --- {Wikipedia}{,} The Free Encyclopedia",
    year = "2020",
    url = "https://en.wikipedia.org/w/index.php?title=Gibbs_sampling&oldid=992631521",
    note = "[Online; accessed 19-April-2021]"
  }
  
@article{gelfand2000gibbs,
  title={Gibbs sampling},
  author={Gelfand, Alan E},
  journal={Journal of the American statistical Association},
  volume={95},
  number={452},
  pages={1300--1304},
  year={2000},
  publisher={Taylor \& Francis Group}
}

@inproceedings{lau2014machine,
  title={Machine reading tea leaves: Automatically evaluating topic coherence and topic model quality},
  author={Lau, Jey Han and Newman, David and Baldwin, Timothy},
  booktitle={Proceedings of the 14th Conference of the European Chapter of the Association for Computational Linguistics},
  pages={530--539},
  year={2014}
}

@inproceedings{mimno2011optimizing,
  title={Optimizing semantic coherence in topic models},
  author={Mimno, David and Wallach, Hanna and Talley, Edmund and Leenders, Miriam and McCallum, Andrew},
  booktitle={Proceedings of the 2011 conference on empirical methods in natural language processing},
  pages={262--272},
  year={2011}
}

@inproceedings{newman2010automatic,
  title={Automatic evaluation of topic coherence},
  author={Newman, David and Lau, Jey Han and Grieser, Karl and Baldwin, Timothy},
  booktitle={Human language technologies: The 2010 annual conference of the North American chapter of the association for computational linguistics},
  pages={100--108},
  year={2010}
}

@inproceedings{roder2015exploring,
  title={Exploring the space of topic coherence measures},
  author={R{\"o}der, Michael and Both, Andreas and Hinneburg, Alexander},
  booktitle={Proceedings of the eighth ACM international conference on Web search and data mining},
  pages={399--408},
  year={2015}
}

@article{m2020topic,
  title={Topic Modeling Coherence: A Comparative Study between LDA and NMF Models using COVID’19 Corpus},
  author={M’sik, Ben and Casablanca, Ben Msik},
  journal={International Journal},
  volume={9},
  number={4},
  year={2020}
}

@inproceedings{mishra2015analysis,
  title={Analysis of tf-idf model and its variant for document retrieval},
  author={Mishra, Apra and Vishwakarma, Santosh},
  booktitle={2015 international conference on computational intelligence and communication networks (cicn)},
  pages={772--776},
  year={2015},
  organization={IEEE}
}

@book{jin_2013,
    place={Beijing},
    edition={1.0},
    title={Mathematical Gossip of LDA},
    author={Jin, Rick},
    year={2013},
    pages={45-53}
}

@inproceedings{jonsson2015evaluation,
  title={An evaluation of topic modelling techniques for twitter},
  author={J{\'o}nsson, El{\i}as and Stolee, Jake},
  booktitle={Proceedings of the 53rd Annual Meeting of the Association for Computational Linguistics and the 7th International Joint Conference on Natural Language Processing (Short Papers)},
  pages={489--494},
  year={2015}
}

@techreport{heinrich2005parameter,
  title={Parameter estimation for text analysis},
  author={Heinrich, Gregor},
  year={2005},
  institution={Technical report}
}

@article{han2020using,
  title={Using social media to mine and analyze public opinion related to COVID-19 in China},
  author={Han, Xuehua and Wang, Juanle and Zhang, Min and Wang, Xiaojie},
  journal={International Journal of Environmental Research and Public Health},
  volume={17},
  number={8},
  pages={2788},
  year={2020},
  publisher={Multidisciplinary Digital Publishing Institute}
}

@InProceedings{10.1007/978-3-319-67008-9_31,
author="Effrosynidis, Dimitrios
and Symeonidis, Symeon
and Arampatzis, Avi",
editor="Kamps, Jaap
and Tsakonas, Giannis
and Manolopoulos, Yannis
and Iliadis, Lazaros
and Karydis, Ioannis",
title="A Comparison of Pre-processing Techniques for Twitter Sentiment Analysis",
booktitle="Research and Advanced Technology for Digital Libraries",
year="2017",
publisher="Springer International Publishing",
address="Cham",
pages="394--406",
isbn="978-3-319-67008-9"
}